<record><leader>00000cas a2200000 a 4500</leader><controlfield tag="001">11086988</controlfield><controlfield tag="008">840824d19491952ksuwr ne      0   a0eng d</controlfield><datafield ind1=" " ind2=" " tag="010"><subfield code="a">sn 84029529 </subfield></datafield><datafield ind1=" " ind2=" " tag="040"><subfield code="a">KSH</subfield><subfield code="b">eng</subfield><subfield code="c">KSH</subfield><subfield code="d">NPT</subfield><subfield code="d">OCL</subfield><subfield code="d">OCLCQ</subfield></datafield><datafield ind1=" " ind2=" " tag="042"><subfield code="a">msc</subfield></datafield><datafield ind1="0" ind2="4" tag="245"><subfield code="a">The White Cloud press.</subfield></datafield><datafield ind1=" " ind2=" " tag="260"><subfield code="a">White Cloud, Kan. :</subfield><subfield code="b">Henry J. Calnan,</subfield><subfield code="c">1949-1952.</subfield></datafield><datafield ind1=" " ind2=" " tag="300"><subfield code="a">4 v. :</subfield><subfield code="b">ill. ;</subfield><subfield code="c">54 cm.</subfield></datafield><datafield ind1=" " ind2=" " tag="310"><subfield code="a">Weekly</subfield></datafield><datafield ind1="0" ind2=" " tag="362"><subfield code="a">Vol. 1, no. 1 (Sept. 1, 1949)-v. 4, no. 1 (Sept. 4, 1952).</subfield></datafield><datafield ind1=" " ind2=" " tag="500"><subfield code="a">Published by Mr. &amp; Mrs. Henry J. Calnan, Aug. 31, 1950-Sept. 4, 1952.</subfield></datafield><datafield ind1=" " ind2=" " tag="752"><subfield code="a">United States</subfield><subfield code="b">Kansas</subfield><subfield code="c">Doniphan</subfield><subfield code="d">White Cloud.</subfield></datafield><datafield ind1="0" ind2="4" tag="785"><subfield code="t">Kansas chief</subfield><subfield code="w">(DLC)sn 84029528</subfield></datafield></record>